

@incollection{deits2015computing,
	title={Computing large convex regions of obstacle-free space through semidefinite programming},
	author={Deits, Robin and Tedrake, Russ},
	booktitle={Algorithmic Foundations of Robotics XI},
	pages={109--124},
	year={2015},
	publisher={Springer}
}

@inproceedings{mellinger2012mixed,
	title={Mixed-integer quadratic program trajectory generation for heterogeneous quadrotor teams},
	author={Mellinger, Daniel and Kushleyev, Alex and Kumar, Vijay},
	booktitle={Robotics and Automation (ICRA), 2012 IEEE International Conference on},
	pages={477--483},
	year={2012},
	organization={IEEE}
}

@inproceedings{schouwenaars2001mixed,
	title={Mixed integer programming for multi-vehicle path planning},
	author={Schouwenaars, Tom and De Moor, Bart and Feron, Eric and How, Jonathan},
	booktitle={Control Conference (ECC), 2001 European},
	pages={2603--2608},
	year={2001},
	organization={IEEE}
}

@phdthesis{culligan2006online,
	title={Online trajectory planning for uavs using mixed integer linear programming},
	author={Culligan, Kieran Forbes},
	year={2006},
	school={Massachusetts Institute of Technology}
}

@inproceedings{hao2005differential,
	title={Differential flatness-based trajectory planning for multiple unmanned aerial vehicles using mixed-integer linear programming},
	author={Hao, Yongxing and Davari, Asad and Manesh, Ali},
	year={2005}
}

@article{richardsco,
	title={Co-ordination and Control of Multiple UAVs},
	author={Richards, Arthur and Bellingham, John and Tillerson, Michael and How, Jonathan}
}

@inproceedings{deits2015efficient,
	title={Efficient mixed-integer planning for UAVs in cluttered environments},
	author={Deits, Robin and Tedrake, Russ},
	booktitle={2015 IEEE International Conference on Robotics and Automation (ICRA)},
	pages={42--49},
	year={2015},
	organization={IEEE}
}

@inproceedings{richter2013polynomial,
	title={Polynomial trajectory planning for quadrotor flight},
	author={Richter, Charles and Bry, Adam and Roy, Nicholas}
}

@phdthesis{deits2014convex,
	title={Convex segmentation and mixed-integer footstep planning for a walking robot},
	author={Deits, Robin LH},
	year={2014},
	school={Massachusetts Institute of Technology}
}

@article{mellinger2012trajectory,
	title={Trajectory generation and control for precise aggressive maneuvers with quadrotors},
	author={Mellinger, Daniel and Michael, Nathan and Kumar, Vijay},
	journal={The International Journal of Robotics Research},
	pages={0278364911434236},
	year={2012},
	publisher={SAGE Publications}
}

@inproceedings{hoffmann2008quadrotor,
	title={Quadrotor helicopter trajectory tracking control},
	author={Hoffmann, Gabriel M and Waslander, Steven L and Tomlin, Claire J},
	booktitle={AIAA guidance, navigation and control conference and exhibit},
	pages={1--14},
	year={2008}
}

@phdthesis{barry2012flying,
	title={Flying between obstacles with an autonomous knife-edge maneuver},
	author={Barry, Andrew J},
	year={2012},
	school={Citeseer}
}

@inproceedings{mellinger2011minimum,
	title={Minimum snap trajectory generation and control for quadrotors},
	author={Mellinger, Daniel and Kumar, Vijay},
	booktitle={Robotics and Automation (ICRA), 2011 IEEE International Conference on},
	pages={2520--2525},
	year={2011},
	organization={IEEE}
}

@book{boyd2004convex,
	title={Convex optimization},
	author={Boyd, Stephen and Vandenberghe, Lieven},
	year={2004},
	publisher={Cambridge university press}
}

@incollection{karp2010reducibility,
	title={Reducibility among combinatorial problems},
	author={Karp, Richard M},
	booktitle={50 Years of Integer Programming 1958-2008},
	pages={219--241},
	year={2010},
	publisher={Springer}
}

@misc{optimization2014gurobi,
	title={Gurobi optimizer reference manual version 5.6},
	author={Optimization, Gurobi},
	year={2014},
	publisher={Houston}
}

@article{aps2014mosek,
	title={The mosek optimization software},
	author={ApS, Mosek},
	journal={Online at http://www. mosek. com},
	year={2014}
}

@article{ilog2010cplex,
	title={CPLEX optimizer},
	author={ILOG, IBM},
	journal={En ligne]. Available: http://www-01. ibm. com/software/commerce/optimization/cplex-optimizer},
	year={2010}
}

@inproceedings{deits2014footstep,
	title={Footstep planning on uneven terrain with mixed-integer convex optimization},
	author={Deits, Robin and Tedrake, Russ},
	booktitle={2014 IEEE-RAS International Conference on Humanoid Robots},
	pages={279--286},
	year={2014},
	organization={IEEE}
}

@inproceedings{richards2002aircraft,
	title={Aircraft trajectory planning with collision avoidance using mixed integer linear programming},
	author={Richards, Arthur and How, Jonathan P},
	booktitle={Proceedings of the 2002 American Control Conference (IEEE Cat. No. CH37301)},
	volume={3},
	pages={1936--1941},
	year={2002},
	organization={IEEE}
}

@phdthesis{bellingham2002coordination,
	title={Coordination and control of uav fleets using mixed-integer linear programming},
	author={Bellingham, John Saunders},
	year={2002},
	school={Citeseer}
}
@inproceedings{lofberg2004yalmip,
	title={YALMIP: A toolbox for modeling and optimization in MATLAB},
	author={Lofberg, Johan},
	booktitle={Computer Aided Control Systems Design, 2004 IEEE International Symposium on},
	pages={284--289},
	year={2004},
	organization={IEEE}
}

@misc{parrilo2006sums,
	title={â€œSums of squares and semidefinite programming},
	author={Parrilo, PA},
	year={2006},
	publisher={mar}
}

@article{powers1998algorithm,
	title={An algorithm for sums of squares of real polynomials},
	author={Powers, Victoria and W{\"o}rmann, Thorsten},
	journal={Journal of pure and applied algebra},
	volume={127},
	number={1},
	pages={99--104},
	year={1998},
	publisher={Elsevier}
}

@article{aps2014mosek,
	title={The mosek optimization software},
	author={ApS, Mosek},
	journal={Online at http://www. mosek. com},
	year={2014}
}
